@inproceedings{massa2022daplacer,
	title        = {{Data-Aware Service Placement in the Cloud-IoT Continuum}},
	author       = {Massa, Jacopo and Forti, Stefano and Brogi, Antonio},
	year         = {2022},
	booktitle    = {Service-Oriented Computing},
	publisher    = {Springer International Publishing},
	pages        = {139--158},
	editor       = {Barzen, Johanna and Leymann, Frank and Dustdar, Schahram}
}

@article{forti2022fogbrain,
	title        = {{Declarative continuous reasoning in the cloud-IoT continuum}},
	author       = {Stefano Forti and Giuseppe Bisicchia and Antonio Brogi},
	year         = {2022},
	journal      = {J. Log. Comput.},
	volume       = {32},
	number       = {2},
	pages        = {206--232}
}